<record><leader>00000cas a22000007a 4500</leader><controlfield tag="001">25323063</controlfield><controlfield tag="008">920224d19741978riuwr ne      0    0eng d</controlfield><datafield ind1=" " ind2=" " tag="010"><subfield code="a">sn 92064034 </subfield></datafield><datafield ind1=" " ind2=" " tag="040"><subfield code="a">RHN</subfield><subfield code="b">eng</subfield><subfield code="c">RHN</subfield><subfield code="d">OCLCQ</subfield></datafield><datafield ind1=" " ind2=" " tag="042"><subfield code="a">msc</subfield></datafield><datafield ind1="0" ind2=" " tag="130"><subfield code="a">East side (Providence, R.I.)</subfield></datafield><datafield ind1="1" ind2="0" tag="245"><subfield code="a">East side.</subfield></datafield><datafield ind1=" " ind2=" " tag="260"><subfield code="a">Providence, R.I. :</subfield><subfield code="b">Southern Rhode Island Publications</subfield></datafield><datafield ind1=" " ind2=" " tag="300"><subfield code="a">v.</subfield></datafield><datafield ind1=" " ind2=" " tag="310"><subfield code="a">Weekly,</subfield><subfield code="b">Sept. 18, 1975-Aug. 24, 1978</subfield></datafield><datafield ind1=" " ind2=" " tag="321"><subfield code="a">Weekly,</subfield><subfield code="b">Oct. 9, 1974-May 15, 1975</subfield></datafield><datafield ind1=" " ind2=" " tag="321"><subfield code="a">Biweekly,</subfield><subfield code="b">May 29-Sept. 4, 1975</subfield></datafield><datafield ind1="0" ind2=" " tag="362"><subfield code="a">Vol. 1, no. 1 (Oct. 9, 1974)-v. 5, no. 37 (Aug. 24, 1978).</subfield></datafield><datafield ind1=" " ind2=" " tag="515"><subfield code="a">Suspended with Apr. 29, 1976 issue; resumed with Oct. 7, 1976 issue.</subfield></datafield><datafield ind1=" " ind2="4" tag="651"><subfield code="a">Providence (R.I.)</subfield><subfield code="v">Newspapers.</subfield></datafield><datafield ind1=" " ind2=" " tag="752"><subfield code="a">United States</subfield><subfield code="b">Rhode Island</subfield><subfield code="c">Providence</subfield><subfield code="d">Providence.</subfield></datafield><datafield ind1="0" ind2="0" tag="785"><subfield code="t">East side-west side</subfield><subfield code="w">(DLC)sn 92064033</subfield></datafield><datafield ind1="1" ind2=" " tag="029"><subfield code="a">AU@</subfield><subfield code="b">000025908527</subfield></datafield></record>